<record><leader>00000cas a22000007a 4500</leader><controlfield tag="001">9926510</controlfield><controlfield tag="008">830920c192u9999txucr ne      0   a0eng d</controlfield><datafield ind1=" " ind2=" " tag="010"><subfield code="a">sn 83004848 </subfield></datafield><datafield ind1=" " ind2=" " tag="040"><subfield code="a">NSD</subfield><subfield code="b">eng</subfield><subfield code="c">NSD</subfield><subfield code="d">NPX</subfield><subfield code="d">PPM</subfield><subfield code="d">OCLCQ</subfield></datafield><datafield ind1=" " ind2=" " tag="012"><subfield code="m">1</subfield></datafield><datafield ind1="1" ind2=" " tag="022"><subfield code="a">0746-2824</subfield><subfield code="l">0746-2824</subfield><subfield code="2">1</subfield></datafield><datafield ind1=" " ind2=" " tag="032"><subfield code="a">273140</subfield><subfield code="b">USPS</subfield></datafield><datafield ind1=" " ind2=" " tag="037"><subfield code="b">The Jasper News-Boy, 302 N. Wheeler St., Jasper, TX 75951</subfield></datafield><datafield ind1=" " ind2=" " tag="042"><subfield code="a">nsdp</subfield><subfield code="a">msc</subfield></datafield><datafield ind1=" " ind2="4" tag="222"><subfield code="a">The Jasper news-boy</subfield></datafield><datafield ind1="0" ind2="4" tag="245"><subfield code="a">The Jasper news-boy.</subfield></datafield><datafield ind1=" " ind2=" " tag="260"><subfield code="a">Jasper, Tex. :</subfield><subfield code="b">Jasper News-boy, Inc.</subfield></datafield><datafield ind1=" " ind2=" " tag="310"><subfield code="a">Weekly,</subfield><subfield code="b">&lt;Sept. 1, 1983-&gt;</subfield></datafield><datafield ind1=" " ind2=" " tag="321"><subfield code="a">Semiweekly</subfield></datafield><datafield ind1=" " ind2=" " tag="500"><subfield code="a">Later published by C.M. Yeary.</subfield></datafield><datafield ind1=" " ind2=" " tag="515"><subfield code="a">Continues numbering of: Weekly news-boy (Jasper, Tex.).</subfield></datafield><datafield ind1=" " ind2=" " tag="588"><subfield code="a">Description based on: Vol. 60, no. 24 (Dec. 4, 1924).</subfield></datafield><datafield ind1=" " ind2=" " tag="752"><subfield code="a">United States</subfield><subfield code="b">Texas</subfield><subfield code="c">Jasper</subfield><subfield code="d">Jasper.</subfield></datafield><datafield ind1="0" ind2="0" tag="780"><subfield code="t">Weekly news-boy (Jasper, Tex.)</subfield></datafield></record>